<?xml version="1.0" encoding="UTF-8"?><collection xmlns="http://www.loc.gov/MARC21/slim"><record><leader>00471nam--2200145-i-4500</leader><controlfield tag="001">000002267</controlfield><controlfield tag="002">20161230</controlfield><controlfield tag="005">20161230201024</controlfield><controlfield tag="008">060222s1000------------r-----000-0-eng-d</controlfield><datafield ind1=" " ind2=" " tag="080"><subfield code="a">530.145:531.19(061.3)</subfield></datafield><datafield ind1=" " ind2=" " tag="245"><subfield code="a">Field theory, quantization and statistical physics. in memory of bernard jouvet</subfield></datafield><datafield ind1=" " ind2=" " tag="260"><subfield code="a">Dordrecht, D. Reidel Publishing Company, 1981. Xxii + 322 P</subfield></datafield><datafield ind1=" " ind2=" " tag="490"><subfield code="a">Mathematical Physics And Applied Mathematics</subfield></datafield><datafield ind1=" " ind2=" " tag="700"><subfield code="a">Tirapegui, E</subfield></datafield><datafield ind1=" " ind2=" " tag="852"><subfield code="a">43227</subfield></datafield></record></collection>